@book{PER_2000,
  author = {Percival, D.B. and Walden, A.T.}, 
  title = {Wavelet {Methods} for {Time} {Series} {Analysis}},
  publisher = {Cambridge {University} {Press}},
  year = 2000,
  series = {Cambridge {Series} in {Statistical} and {Probabilistic} {Mathematics}},
  address = {New York, NY, USA},
  isbn = {978-0-521-68508-5}
}
@article{DRA_2001,
  author = {Dragert, H. and Wang, K. And James, T.S.},
  title = {A silent slip event on the deeper {Cascadia} subduction interface},
  journal = {Science},
  year = 2001,
  pages = {1525-1528},
  month = {May},
  note = {doi:10.1126/science.1060152},
  volume = 292
}
@article{MIL_2002,
  author = {Miller, M.M. and Melbourne, T. and Johnson, D.J. and Sumner, W.Q.},
  title = {Periodic slow earthquakes from the {Cascadia} subduction zone},
  journal = {Science},
  year = 2002,
  number = 5564,
  pages = {2423},
  month = {March},
  volume = 295
}
@article{OBA_2002,
  author = {Obara, K.},
  title = {Nonvolcanic deep tremor associated with subduction in southwest {Japan}},
  journal = {Science},
  year = 2002,
  number = 5573,
  pages = {1679-1681},
  month = {May},
  volume = 296
}
@article{PRE_2003,
  author = {Preston, L.A. and Creager, K.C. and Crosson, R.S. and Brocher, T.M. and Trehu, A.M.},
  title = {Intraslab earthquakes: Dehydration of the {Cascadia} slab},
  journal = {Science},
  year = 2003,
  number = 5648,
  pages = {1197-1200},
  month = {November},
  volume = 302
}
@article{ROG_2003,
  author = {Rogers, G. and Dragert, H.},
  title = {Tremor and slip on the {Cascadia} subduction zone: The chatter of silent slip},
  journal = {Science},
  year = 2003,
  number = 5627,
  pages = {1942-1943},
  month = {June},
  volume = 300
}
@article{DRA_2004,
  author = {Dragert, H. and Wang, K. and Rogers, G.},
  title = {Geodetic and seismic signatures of episodic tremor and slip in the northern {Cascadia} subduction zone},
  journal = {Earth Planets Space},
  year = 2004,
  pages = {L23602},
  volume = 56
}
@article{OBA_2004,
  author = {Obara, K. and Hires, H. and Yamamizu, F. and Kasahara, K.},
  title = {Episodic slow slip events accompanied by non-volcanic tremors in southwest {Japan} subduction zone},
  journal = {Geophysical Research Letters},
  year = 2004,
  pages = {1143-1150},
  note = {doi:10.1029/2004gl020848},
  volume = 31
}
@article{SZE_2004,
  author = {Szeliga, W. and Melbourne, T.I. and Miller, M.M. and Santillan, V.M.},
  title = {Southern {Cascadia} episodic slow earthquakes},
  journal = {Geophysical Research Letters},
  year = 2004,
  pages = {L16602},
  note = {doi:10.1029/2004GL020824},
  volume = 31
}
@article{MEL_2005,
  author = {Melbourne, T.I. and Szeliga, W.M. and Miller, M.M. and Santillan, V.M.},
  title = {Extent and duration of the 2003 {Cascadia} slow earthquake},
  journal = {Geophysical Research Letters},
  year = 2005,
  pages = {L04301},
  note = {doi:10.1029/2004gl021790},
  volume = 32
}
@article{SHE_2006,
  author = {Shelly, D.R. and Beroza, G.C. and Ide, S. and Nakamula, S.},
  title = {Low-frequency earthquakes in {Shikoku}, {Japan}, and their relationship to episodic tremor and slip},
  journal = {Nature},
  year = 2006,
  pages = {188-191},
  month = {July},
  note = {doi:10.1038/nature04931},
  volume = 442
}
@article{IDE_2007_GRL,
  author = {Ide, S. and Shelly, D.R. and Beroza, G.C.},
  title = {Mechanism of deep low frequency earthquakes: Further evidence that deep non-volcanic tremor is generated by shear slip on the plate interface},
  journal = {Geophysical Research Letters},
  year = 2007,
  pages = {L03308},
  note = {doi:10.1029/2006gl028890},
  volume = 34
}
@article{IDE_2007_nature,
  author = {Ide, S. and Beroza, G.C. and Shelly, D.R. and Uchide, T.},
  title = {A scaling law for slow earthquakes},
  journal = {Nature},
  year = 2007,
  pages = {76-79},
  month = {May},
  note = {doi:10.1038/nature05780},
  volume = 447
}
@article{SHE_2007_nature,
  author = {Shelly, D.R. and Beroza, G.C. and Ide, S.},
  title = {Non-volcanic tremor and low-frequency earthquake swarms},
  journal = {Nature},
  year = 2007,
  pages = {305-307},
  month = {March},
  note = {doi:10.1038/nature05666},
  volume = 446
}
@article{SZE_2008,
  author = {Szeliga, W. and Melbourne, T. and Santillan, M. and Miller, M.},
  title = {GPS constraints on 34 slow slip events within the {Cascadia} subduction zone, 1997-2005},
  journal = {Journal of Geophysical Research},
  year = 2008,
  pages = {B04404},
  note = {doi:10.1029/2007jb004948},
  volume = 113
}
@article{WEC_2008,
  author = {Wech, A.G. and Creager, K.C.},
  title = {Automated detection and location of {Cascadia} tremor},
  journal = {Geophysical Research Letters},
  year = 2008,
  pages = {L20302},
  note = {doi:10.1029/2008gl035458},
  volume = 35
}
@article{AUD_2009,
  author = {Audet, P. and Bostock, M.G. and Christensen, N.I. and Peacock, S.M.},
  title = {Seismic evidence for overpressure subducted oceanic crust and mega thrust fault sealing},
  journal = {Nature},
  year = 2009,
  pages = {76-78},
  month = {January},
  note = {doi:10.1038/nature07650},
  volume = 457
}
@article{LAR_2009,
  author = {La Rocca, M. and Creager, K.C. and Galluzzo, D. and Malone, S. and Vidale, J.E. and Sweet, J.R. and Wech, A.G.},
  title = {{Cascadia} tremor located near plate interface constrained by {S} minus {P} wave times},
  journal = {Science},
  year = 2009,
  pages = {620-623},
  month = {January},
  note = {doi:10.1126/science.1167112},
  volume = 323
}
@article{GHO_2010_G3,
  author = {Ghosh, A. and Vidale, J.E. and Sweet, J.R. and Creager, K.C. and Wech, A.G. and Houston, H.},
  title = {Rapid, continuous streaking of tremor in {Cascadia}},
  journal = {Geochemistry, Geophysics, Geosystems},
  year = 2010,
  number = 12 ,
  pages = {Q12010},
  month = {December},
  note = {doi:10.1029/2010gc003305},
  volume = 11
}
@article{SCH_2010,
  author = {Schmidt, D.A. and Gao, H.},
  title = {Source parameters and time-dependent slip distributions of slow slip events on the {Cascadia} subduction zone from 1998 to 2008},
  journal = {Journal of Geophysical Research},
  year = 2010,
  pages = {B00A18},
  note = {doi:10.1029/2008jb006045},
  volume = 115
}
@article{SHE_2010,
  author = {Shelly, D.R. and Hardebeck, J.L.},
  title = {Precise tremor source locations and amplitude variations along the lower-crustal central {San} {Andreas} {Fault}},
  journal = {Geophysical Research Letters},
  year = 2010,
  pages = {L14301},
  note = {doi:10.1029/2010gl043672},
  volume = 37
}
@article{WEC_2010,
  author = {Wech, A.G.},
  title = {Interactive tremor monitoring},
  journal = {Seismological Research Letters},
  year = 2010,
  number = 4,
  pages = {664-669},
  month = {July-August},
  note = {doi:10.1785/gssrl.81.4.664},
  volume = 81
}
@mastersthesis{ALB_2011,
  author = {Sequoia Alba}, 
  title = {{ETS} in tidal records},
  school = {University of Oregon},
  year = 2011,
  month = {December}
}
@article{WEC_2011,
  author = {Wech, A.G. and Creager, K.C.},
  title = {A continuum of stress, strength and slip in the {Cascadia} subduction zone},
  journal = {Nature Geoscience},
  year = 2011,
  number = 9,
  pages = {624-628},
  month = {August},
  note = {doi:10.1038/ngeo1215},
  volume = 4
}
@article{BOS_2012,
  author = {Bostock, M.G. and Royer, A.A. and Hearn, E.H. and Peacock, S.M.},
  title = {Low frequency earthquakes below southern {Vancouver} {Island}},
  journal = {Geochemistry Geophysics Geosystems},
  year = 2012,
  number = 11,
  pages = {Q11007},
  month = {November},
  note = {doi:10.1029/2012gc004391},
  volume = 13
}
@article{GAO_2012,
  author = {Gao, H. and Schmidt, D.A. and Weldon, R.J.},
  title = {Scaling relationships of source parameters for slow slip events},
  journal = {Bulletin of the Seismological Society of America},
  year = 2012,
  number = 1,
  pages = {352-360},
  month = {February},
  note = {doi:10.1785/0120110096},
  volume = 102
}
@article{GHO_2012,
  author = {Ghosh, A. and Vidale, J.E. and Creager, K.C.},
  title = {Tremor asperities in the transition zone control evolution of slow earthquakes},
  journal = {Journal of Geophysical Research},
  year = 2012,
  pages = {B10301},
  note = {doi:10.1029/2012jb009249},
  volume = 117
}
@article{BOS_2013,
  author = {Bostock, M.G.},
  title = {The {Moho} in subduction zones},
  journal = {Tectonophysics},
  year = 2013,
  pages = {547-557},
  note = {doi:10.1016/j.tecto.2012.07.007},
  volume = 609
}
@article{NOW_2013,
  author = {Nowack, R.L. and Bostock, M.G.},
  title = {Scattered waves from low-frequency earthquakes and plate boundary structure in northern {Cascadia}},
  journal = {Geophysical Research Letters},
  year = 2013,
  pages = {4238-4243},
  note = {doi:10.1002/grl.50826},
  volume = 40
}
@article{ARM_2014,
  author = {Armbruster, J.G. and Kim, W.Y. and Rubin, A.M.},
  title = {Accurate tremor locations from coherent {S} and {P} waves},
  journal = {Journal of Geophysical Research: Solid Earth},
  year = 2014,
  pages = {5000-5013},
  note = {doi:10.1002/2014jb011133},
  volume = 119
}
@article{IDE_2014,
  author = {Idehara, K. and Yabe, S. and Ide, S.},
  title = {Regional and global variations in the temporal clustering of tectonic tremor activity},
  journal = {Earth, Planets and Space},
  year = 2014,
  number = 1,
  pages = {1-10},
  note = {doi:10.1186/1880-5981-66-66},
  volume = 66
}
@article{ROY_2014,
  author = {Royer, A.A. and Bostock, M.G.},
  title = {A comparative study of low frequency earthquake templates in northern {Cascadia}},
  journal = {Earth and Planetary Science Letters},
  year = 2014,
  pages = {247-256},
  note = {doi:10.1016/j.epsl.2013.08.040},
  volume = 402
}
@article{THU_2014,
  author = {Thurber, C.H. and Zeng, X. and Thomas, A.M. and Audet, P.},
  title = {Phase-weighted stacking applied to low-frequency earthquakes},
  journal = {Bulletin of the Seismological Society of America},
  year = 2014,
  number = 5,
  pages = {2567-2572},
  month = {October},
  note = {doi:10.785/0120140077},
  volume = 104
}
@article{BOS_2015,
  author = {Bostock, M.G. and Thomas, A.M. and Savard, G. and Chuang, L. and Rubin, A.M.},
  title = {Magnitudes and moment-duration scaling of low frequency earthquakes beneath southern {Vancouver} {Island}},
  journal = {Journal of Geophysical Research: Solid Earth},
  year = 2015,
  pages = {6329-6350},
  note = {doi:10.1002/2015jb012195},
  volume = 120
}
@article{HOU_2015,
  author = {Houston, H.},
  title = {Low friction and fault weakening revealed by rising sensitivity of tremor to tidal stress},
  journal = {Nature Geoscience},
  year = 2015,
  number = 5,
  pages = {409-415},
  month = {May},
  note = {doi:10.1038/ngeo2419},
  volume = 8
}
@article{HYN_2015,
  author = {Hyndman, R.D. and McCrory, P.A. and Wech, A. and Kao, H. and Ague, J.},
  title = {Cascadia subducting plate fluids channelled to fore-arc mantle corner: {ETS} and silica deposition},
  journal = {Journal of Geophysical Research. Solid Earth},
  year = 2015,
  pages = {4344-4358},
  note = {doi:10.1002/2015jb011920},
  volume = 120
}
@article{PLO_2015,
  author = {Plourde, A.P. and Bostock, M.G. and Audet, P. And Thomas, A.M.},
  title = {Low-frequency earthquakes at the southern {Cascadia} margin},
  journal = {Geophysical Research Letters},
  year = 2015,
  pages = {4849-4855},
  note = {doi:10.1002/2015gl064363},
  volume = 42
}
@article{FRA_2016,
  author = {Frank, W.B. and Shapiro, N.M. and Husker, A.L. and Kostoglodov, V. and Gusev, A.A. and Campillo, M.},
  title = {The evolving interaction of low-frequency earthquakes during transient slip},
  journal = {Science Advances},
  year = 2016,
  number = 4,
  pages = {e1501616},
  month = {April},
  note = {doi:10.1126/sciadv.1501616},
  volume = 2
}
@article{GOM_2016_GRL,
  author = {Gomberg, J. and Wech, A. and Creager, K. and Obara, K. and Agnew, D.},
  title = {Reconsidering earthquake scaling},
  journal = {Geophysical Research Letters},
  year = 2016,
  pages = {6243-6251},
  note = {doi:10.1002/2016gl069967},
  volume = 43
}
@article{SHE_2017,
  author = {Shelly, D.R.},
  title = {A 15 year catalog of more than 1 million low-frequency earthquakes: Tracking tremor and slip along the deep {San} {Andreas} fault},
  journal = {Journal of Geophysical Research. Solid Earth},
  year = 2017,
  pages = {3739-3753},
  note = {doi:10.1002/2017jb014047},
  volume = 122
}
