@article{OMO_1894,
  author = {Omori, F.},
  title = {On the aftershocks of earthquakes},
  journal = {Journal of the College of Science, Imperial University of Tokyo},
  year = 1894,
  pages = {111-200},
  volume = 7
}
@article{GUT_1944,
  author = {Gutenberg, B. and Richter, C.F.},
  title = {Frequency of earthquakes in {California}},
  journal = {Bulletin of the Seismological Society of America},
  year = 1944,
  number = 4,
  pages = {185-188},
  volume = 34
}
@article{UTS_1957,
  author = {Utsu, T},
  title = {Magnitude of earthquakes and occurrence of their aftershocks},
  journal = {Zisin (Journal of the Seismological Society of Japan)},
  year = 1957,
  pages = {35-45},
  volume = 10
}
@article{OGA_1988,
  author = {Ogata, Y.},
  title = {Statistical models for earthquake occurrences and residual analysis for point processes},
  journal = {Journal of the American Statistical Association},
  year = 1988,
  number = 401,
  pages = {9-27},
  _month = {March},
  _note = {doi:10.1080/01621459.1988.10478560},
  volume = 83
}
@article{OGA_1991,
  author = {Ogata, Y. and Abe, K.},
  title = {Some statistical features of the long-term variation of the global and regional seismic activity},
  journal = {International Statistical Review},
  year = 1991,
  number = 2,
  pages = {139-161},
  _month = {August},
  volume = 59
}
@article{MAL_1993,
  author = {Mallat, S.G. and Zhang, Z.},
  title = {Matching pursuits with time-frequency dictionaries},
  journal = {IEEE Transactions on Signal Processing},
  year = 1993,
  pages = {3397-3415},
  volume = 41
}
@article{UTS_1995,
  author = {Utsu, T. and Ogata, Y. and Matsu'ura, R.},
  title = {The centenary of the {Omori} formula for a decay law of aftershock activity},
  journal = {Journal of Physics of the Earth},
  year = 1995,
  pages = {1-33},
  volume = 43
}
@incollection{TAQ_1998,
  author = {Taqqu, M. and Teverovsky, V.},
  title = {On estimating the intensity of long-range dependence in finite and infinite variance time series},
  booktitle = {A {Practical} {Guide} to {Heavy} {Tails}: {Statistical} {Techniques} and {Application}},
  publisher = {Birkh\"auser},
  editor = {Adler, R.J. and Feldman, R.E. and Taqqu, M.S.},
  address = {Boston, MA, USA},
  year = 1998
}
@book{PER_2000,
  author = {Percival, D.B. and Walden, A.T.}, 
  title = {Wavelet {Methods} for {Time} {Series} {Analysis}},
  publisher = {Cambridge {University} {Press}},
  year = 2000,
  series = {Cambridge {Series} in {Statistical} and {Probabilistic} {Mathematics}},
  address = {New York, NY, USA},
  _isbn = {9780521685085}
}
@article{TEL_2000,
  author = {Telesca, L. and Cuomo, V. and Lapenna, V. and Vallianatos, F.},
  title = {Self-similarity properties of seismicity in the {Southern} {Aegean} area},
  journal = {Tectonophysics},
  year = 2000,
  pages = {179-188},
  volume = 321
}
@article{LI_2002,
  author = {Li, J. and Chen, Y. and Mi, H.},
  title = {$1/f^\beta$ temporal fluctuation: Detecting scale-invariance properties of seismic activity in {North} {China}},
  journal = {Chaos, Solitons and Fractals},
  pages = {1487-1494},
  year = 2002,
  volume = 14
}
@article{OBA_2002,
  author = {Obara, K.},
  title = {Nonvolcanic deep tremor associated with subduction in southwest {Japan}},
  journal = {Science},
  year = 2002,
  number = 5573,
  pages = {1679-1681},
  _month = {May},
  volume = 296
}
@article{ROG_2003,
  author = {Rogers, G. and Dragert, H.},
  title = {Tremor and slip on the {Cascadia} subduction zone: The chatter of silent slip},
  journal = {Science},
  year = 2003,
  number = 5627,
  pages = {1942-1943},
  _month = {June},
  volume = 300
}
@article{TEL_2004,
  author = {Telesca, L. and Lapenna, V. and Macchiato, M.},
  title = {Mono- and multi-fractal investigation of scaling properties in temporal patterns of seismic sequences},
  journal = {Chaos, Solitons and Fractals},
  year = 2004,
  pages = {1-15},
  volume = 19
}
@article{ENE_2006,
  author = {Enescu,B. and Ito, K. and Struzik, Z.R.},
  title = {Wavelet-based multiscale resolution analysis of real and simulated time-series of earthquakes},
  journal = {Geophysical Journal International},
  year = 2006,
  pages = {63-74},
  _note = {doi:10.1111/j.1365-246x.2005.02810.x},
 volume = 64
}
@article{JIM_2006,
  author = {Jim\'enez, A. and Tiampo, K.F. and Levin, S. and Posadas, A.M.},
  title = {Testing the persistence in earthquake catalogs: The {Iberian} {Peninsula}},
  journal = {Europhysics Letters},
  year = 2006,
  number = 2,
  pages = {171-177},
  _month = {January},
  _note =  {doi:10.1209/epl/i2005-10383-8},
  volume = 73
}
@article{KAO_2006,
  author = {Kao, H. and Shan, S.-J.  and Dragert, H. and Rogers, G. and Cassidy, J.F. and Wang, K. and James, T.S. and Ramachandran, K.},
  title = {Spatial-temporal patterns of seismic tremors in northern {Cascadia}},
  journal = {Journal of Geophysical Research},
  year = 2006,
  pages = {B03309},
  _note = {doi:10.1029/2005jb003727},
  volume = 111
}
@techreport{MCC_2006,
  author = {McCrory, P.A. and Blair, J.L. and Oppenheimer, D.H. and Walter, S.R.},
  title = {Depth to the {Juan} de {Fuca} slab beneath the {Cascadia} subduction margin - A {3-D} model sorting earthquakes},
  institution = {U.S. Geological Survey},
  number = {Series 91},
  year = 2006,
  _note = {ISBN: 0-607-97922-4},
}
@article{SHE_2006,
  author = {Shelly, D.R. and Beroza, G.C. and Ide, S. and Nakamula, S.},
  title = {Low-frequency earthquakes in {Shikoku}, {Japan}, and their relationship to episodic tremor and slip},
  journal = {Nature},
  year = 2006,
  pages = {188-192},
  _month = {July},
  _note = {doi:10.1038/nature04931},
  volume = 442
}
@article{XU_2006,
  author = {Xu, Y. and Burton, P.W.},
  title = {Time varying seismicity in {Greece}: {Hurst}'s analysis and {Monte} {Carlo} simulation applied to a new earthquake catalogue for {Greece}},
  journal = {Tectonophysics},
  year = 2006,
  pages = {125-136},
  _note = {doi:10.1016/j.tecto.2006.03.006},
  volume = 423
}
@inbook{DIE_2007,
  author = {Dieterich, J.H.}, 
  title = {Applications of rate- and state-dependent friction to models of fault slip and earthquake occurrence},
  chapter = 4,
  pages = {107-129},
  publisher = {Elsevier},
  year = 2007,
  volume = 4,
  series = {Treatise on Geophysics},
  _note = {ISBN:978-0-444-52748-6}
}
@article{IDE_2007_GRL,
  author = {Ide, S. and Shelly, D.R. and Beroza, G.C.},
  title = {Mechanism of deep low frequency earthquakes: Further evidence that deep non-volcanic tremor is generated by shear slip on the plate interface},
  journal = {Geophysical Research Letters},
  year = 2007,
  pages = {L03308},
  _note = {doi:10.1029/2006gl028890},
  volume = 34
}
@article{SHE_2007_nature,
  author = {Shelly, D.R. and Beroza, G.C. and Ide, S.},
  title = {Non-volcanic tremor and low-frequency earthquake swarms},
  journal = {Nature},
  year = 2007,
  pages = {305-307},
  _month = {March},
  _note = {doi:10.1038/nature05666},
  volume = 446
}
@article{NAK_2008,
  author = {Nakata, R. and Suda, N. and Tsuruoka, H.},
  title = {Non-volcanic tremor resulting from the combined effect of {Earth} tides and slow slip events},
  journal = {Nature Geoscience},
  year = 2008,
  pages = {676-678},
  _month = {October},
  _note = {doi:10.1038/ngeo288},
  volume = 1
}
@article{SZE_2008,
  author = {Szeliga, W. and Melbourne, T. and Santillan, M. and Miller, M.},
  title = {{GPS} constraints on 34 slow slip events within the {Cascadia} subduction zone, 1997-2005},
  journal = {Journal of Geophysical Research},
  year = 2008,
  pages = {B04404},
  _note = {doi:10.1029/2007jb004948},
  volume = 113
}
@article{WEC_2008,
  author = {Wech, A.G. and Creager, K.C.},
  title = {Automated detection and location of {Cascadia} tremor},
  journal = {Geophysical Research Letters},
  year = 2008,
  pages = {L20302},
  _note =  {doi:10.1029/2008gl035458},
  volume = 35
}
@article{AGU_2009,
  author = {Aguiar, A.C. and Melbourne, T.I. and Scrivner, C.W.},
  title = {Moment release rate of {Cascadia} tremor constrained by {GPS}},
  journal = {Journal of Geophysical Research},
  year = 2009,
  pages = {B00A05},
  _note = {doi:10.1029/2008j005909},
  volume = 114
}
@article{AUD_2009,
  author = {Audet, P. and Bostock, M.G. and Christensen, N.I. and Peacock, S.M.},
  title = {Seismic evidence for overpressured subducted oceanic crust and megathrust fault sealing},
  journal = {Nature},
  year = 2009,
  pages = {76-78},
  _month = {January},
  _note = {doi:10.1038/nature07650},
  volume = 457
}
@article{DEL_2009,
  author = {Delahaye, E.J. and Townend, J. and Reyners, M.E. and Rogers, G.},
  title = {Microseismicity but no tremor accompanying slow slip in the {Hikurangi} subduction zone, {New} {Zealand}},
  journal = {Earth and Planetary Science Letters},
  year = 2009,
  pages = {21-28},
  _note = {doi:10.1016/j.epsl.2008.09.038},
  volume = 277
}
@article{KAO_2009,
  author = {Kao, H. and Shan, S.-J. and Dragert, H. and Rogers, G.},
  title = {Northern {Cascadia} episodic tremor and slip: A decade of tremor observations from 1997 to 2007},
  journal = {Journal of Geophysical Research},
  year = 2009,
  pages = {B00A12},
  _note = {doi:10.1029/2008jb006046},
  volume = 114
}
@article{LAR_2009,
  author = {La Rocca, M. and Creager, K.C. and Galluzzo, D. and Malone, S. and Vidale, J.E. and Sweet, J.R. and Wech, A.G.},
  title = {{Cascadia} tremor located near plate interface constrained by {S} minus {P} wave times},
  journal = {Science},
  year = 2009,
  pages = {620-623},
  _month = {January},
  _note = {doi:10.1126/science.1167112},
  volume = 323
}
@article{PEN_2009,
  author = {Peng, Z. and Vidale, J.E. and Wech, A.G. and Nadeau, R.M. and Creager, K.C.},
  title = {Remote triggering of tremor along the {San} {Andreas} {Fault} in central {California}},
  journal = {Journal of Geophysical Research},
  year = 2009,
  pages = {B00A06},
  _note = {doi:10.1029/2008jb006049},
  volume = 114
}
@article{RUB_2009,
  author = {Rubinstein, J.L. and Gomberg, J. and Vidale, J.E. and Wech, A.G. and Kao, H. and Creager, K.C. and Rogers, G.},
  title = {Seismic wave triggering of nonvolcanic tremor, episodic tremor and slip, and earthquakes on {Vancouver} {Island}},
  journal = {Journal of Geophysical Research Solid Earth},
  year = 2009,
  pages = {B00A01},
  _note = {doi:10.1029/2008jb005875},
  volume = 114
}
@article{THO_2009,
  author = {Thomas, A.M. and Nadeau, R.M. and B\"urgmann, R.},
  title = {Tremor-tide correlations and near-lithostatic pore pressure on the deep {San} {Andreas} fault},
  journal = {Nature},
  year = 2009,
  pages = {1048-1051},
  _month = {December},
  _note = {doi:10.1038/nature08654},
  volume = 462
}
@article{WEG_2009,
  author = {W\k{e}glarczyk, S. and Lasocki, S.},
  title = {Studies of short and long memory in mining-induced seismic processes},
  journal = {Acta Geophysica},
  year = 2009,
  pages = {696-715},
  _number = 3,
  _note = {doi:10.2478/s11600-009-0021-x},
  volume = 57
}
@article{GUI_2010,
  author = {Guilhem, A. and Peng, Z. and Nadeau, R.M.},
  title = {High-frequency identification of non-volcanic tremor triggered by regional earthquakes},
  journal = {Geophysical Research Letters},
  year = 2010,
  pages = {L16309},
  _note = {doi:10.1029/2010gl044660},
  volume = 37
}
@article{GHO_2010_G3,
  author = {Ghosh, A. and Vidale, J.E. and Sweet, J.R. and Creager, K.C. and Wech, A.G. and Houston, H. and Brodsky, E.E.},
  title = {Rapid, continuous streaking of tremor in {Cascadia}},
  journal = {Geochemistry, Geophysics, Geosystems},
  year = 2010,
  pages = {Q12010},
  _note = {doi:10.1029/2010gc003305},
  volume = 11
}
@article{GHO_2010_GRL,
  author = {Ghosh, A. Vidale, J.E. and Sweet, J.R. and Creager, K.C. and Wech, A.G. and Houston, H.},
  title = {Tremor bands sweep {Cascadia}},
  journal = {Geophysical Research Letters},
  year = 2010,
  pages = {L08301},
  _note = {doi:10.1029/2009gl042301},
  volume = 37
} 
@article{HAR_2010,
  author = {Harte, D.},
  title = {{PtProcess}: An {R} package for modelling marked point processes indexed by time},
  journal = {Journal of Statistical Software},
  year = 2010,
  number = 8,
  pages = {1-32},
  volume = 35
}
@article{WAL_2010,
  author = {Wallace, L.M. and Beavan, J.},
  title = {Diverse slow slip behavior at the {Hikurangi} subduction margin, {New} {Zealand}},
  journal = {Journal of Geophysical Research},
  year = 2010,
  pages = {B12402},
  _note = {doi:10.1029/2010jb007717},
  volume = 115
}
@article{BER_2011,
  author = {Beroza, G.C. and Ide, S.},
  title = {Slow earthquakes and nonvolcanic tremor},
  journal = {Annual Review of Earth and Planetary Sciences},
  year = 2011,
  pages = {271-296},
  _note = {doi:10.1146/annurev-earth-040809-152531},
  volume = 39
}
@article{FAG_2011,
  author = {Fagereng, \r{A}. and Diener, J.F.A.},
  title = {Non-volcanic tremor and discontinuous slab dehydration},
  journal = {Geophysical Research Letters},
  year = 2011,
  pages = {L15302},
  _note = {doi:10.1029/2011gl048214},
  volume = 38
}
@article{KIM_2011,
  author = {Kim, M.J. and Schwartz, S.Y. and Bannister, S.},
  title = {Non-volcanic tremor associated with the {March} 2010 {Gisborne} slow slip event at the {Hikurangi} subduction margin, {New} {Zealand}},
  journal = {Geophysical Research Letters},
  year = 2011,
  pages = {L14301},
  _note = {doi:10.1029/2011gl048400},
  volume = 38
}
@article{WEC_2011,
  author = {Wech, A.G. and Creager, K.C.},
  title = {A continuum of stress, strength and slip in the {Cascadia} subduction zone},
  journal = {Nature Geoscience},
  year = 2011,
  pages = {624-628},
  _month = {September},
  _note = {doi:10.1038/ngeo1215},
  volume = 4
}
@article{BOS_2012,
  author = {Bostock, M.G. and Royer, A.A. and Hearn, E.H. and Peacock, S.M.},
  title = {Low frequency earthquakes below southern {Vancouver} {Island}},
  journal = {Geochemistry Geophysics Geosystems},
  year = 2012,
  pages  = {Q11007},
  _note = {doi:10.1029/2012gc004391},
  volume = 13
}
@article{BUN_2012,
  author = {Bunde, A. and Lennartz, S.},
  title = {Long-term correlations in {Earth} sciences},
  journal = {Acta Geophysica},
  year = 2012,
  pages = {562-588},
  number = 3,
  _month = {June},
  _note = {doi:10.2478/s11600-012-0034-8},
  volume = 60
}
@article{GHO_2012,
  author = {Ghosh, A. and Vidale, J.E. and Creager, K.C.},
  title = {Tremor asperities in the transition zone control evolution of slow earthquakes},
  journal = {Journal of Geophysical Research},
  year = 2012,
  pages = {B10301},
  _note = {doi:10.1029/2012jb009249},
  volume = 117
}
@article{IDE_2012,
  author = {Ide, S.},
  title = {Variety and spatial heterogeneity of tectonic tremor worldwide},
  journal = {Journal of Geophysical Research},
  year = 2012,
  pages = {B03302},
  _note = {doi:10.1029/2011jb008840},
  volume = 117
}
@article{ROW_2013,
  author = {Rowe, C. and Moore, J. Remitti, F.},
  title = {The thickness of subduction plate boundary faults from the seafloor into the seismogenic zone},
  journal = {Geology},
  year = 2013,
  pages = {991-994},
  _number = 9,
  _month = {September},
  _note = {doi:10.1130/g34556.1},
  volume = 41
}
@article{RUB_2013,
  author = {Rubin, A.M. and Armbruster, J.G.},
  title = {Imaging slow slip fronts in {Cascadia} with high precision cross-station tremor locations},
  journal = {Geochemistry Geophysics Geosystems},
  year = 2013,
  pages = {5371-5392},
  _note = {doi:10.1002/2013gc005031},
  volume = 14
}
@article{WAL_2013,
  author = {Wallace, L.M. and Eberhart-Phillips, D.},
  title = {Newly observed, deep slow slip events at the central {Hikurangi} margin, {New} {Zealand}: Implications for downdip variability of slow slip and tremor, and relationship to seismic structure},
  journal = {Geophysical Research Letters},
  year = 2013,
  pages = {5393-5398},
  _note = {doi:10.1002/2013gl057682},
  volume = 40
}
@article{WAN_2013,
  author = {Wang,J.-H.},
  title = {Memory effect in ${M} \geq 6$ earthquakes of {South}-{North} {Seismic} {Belt}, {Mainland} {China}},
  journal = {Journal of Seismology},
  year = 2013,
  pages = {913-924},
  _note = {doi:10.1007/s10950-013-9361-8},
  volume = 17
}
@article{AUD_2014,
  author = {Audet, P. and B\"urgmann, R.},
  title = {Possible control of subduction zone slow-earthquake periodicity by silica enrichment},
  journal = {Nature},
  year = 2014,
  pages = {389-393},
  —month = {June},
  _note = {doi:10.1038/nature13391},
  volume = 510
}
@article{FAG_2014,
  author = {Fagereng, \r{A}. and Hillary G.W.B. and Diener, J.F.A.},
  title = {Brittle-viscous deformation, slow slip, and tremor},
  journal = {Geophysical Research Letters},
  year = 2014,
  pages = {4159-4167},
  number = 12,
  _month = {June},
  _note = {10.1002/2014gl060433},
  volume = 41
}
@article{FRA_2014,
  author = {Frank, W.B. and Shapiro, N.M. and Husker, A.L. and Kostoglodov, V. and Romanenko, A. and Campillo, M.},
  title = {Using systematically characterized low-frequency earthquakes as a fault probe in {Guerrero}, {Mexico}},
  journal = {Journal of Geophysical Research Solid Earth},
  year = 2014,
  pages = {7686-7700},
  _note = {doi:10.1002/2014jb011457},
  volume = 119
}
@article{HAN_2014,
  author = {Han, J. and Vidale, J.E. and Houston, H. and Chao, K. and Obara, K.},
  title = {Triggering of tremor and inferred slow slip by small earthquakes at the {Nankai} subduction zone in southwest {Japan}},
  journal = {Geophysical Research Letters},
  year = 2014,
  pages = {8053-8060},
  _note = {doi:10.1002/2014gl061898},
  volume = 41
}
@article{ROY_2014,
  author = {Royer, A.A. and Rostock, M.G.},
  title = {A comparative study of low frequency earthquake templates in northern {Cascadia}},
  journal = {Earth and Planetary Science Letters},
  year = 2014,
  pages = {247-256},
  _note = {10.1016/j.epsl.2013.08.040},
  volume = 402
}
@article{SWE_2014,
  author = {Sweet, J.R. and Creager, K.C. and Houston, H.},
  title = {A family of repeating low-frequency earthquakes at the downdip edge of tremor and slip},
  journal = {Geochemistry Geophysics Geosystems},
  year = 2014,
  pages = {3713-3721},
  _note = {doi:10.1002/2014gc005449},
  volume = 15
}
@article{ANG_2015,
  author = {Angiboust, S. and Kirsch, J. and Oncken, O. and Glodny, J. and Moni\'e, P. and Rybacki, E.},
  title = {Probing the transition between seismically coupled and decoupled segments along an ancient subduction interface},
  journal = {Geochemistry, Geophysics, Geosystems},
  year = 2015,
  pages = {1905-1922},
  _note={doi:10.1002/2015gc00},
  volume = 16
}
@article{BOS_2015,
  author = {Bostock, M.G. and Thomas, A.M. and Savard, G. and Chuang, L. and Rubin, A.M.},
  title = {Magnitudes and moment-duration scaling of low-frequency earthquakes beneath southern {Vancouver} {Island}},
  journal = {Journal of Geophysical Research Solid Earth},
  year = 2015,
  pages = {6329-6350},
  _note= {doi:10.1002/2015jb012195},
  volume = 120
}
@article{FRA_2015,
  author = {Frank, W. B. and Radiguet, M. and Rousset, B. and Shapiro, N.M. and Husker, A.L. and Kostoglodov, V. and Cotte, N. and Campillo, M.},
  title = {Uncovering the geodetic signature of silent slip through repeating earthquakes},
  journal = {Geophysical Research Letters},
  year = 2015,
  pages =  {2774-2779},
  _note = {doi:10.1002/2015gl063685},
  volume = 42
}
@article{HYN_2015,
  author = {Hyndman, R.D. and McCrory, P.A. and Wech, A. and Kao, H. and Ague J.},
 title = {{Cascadia} subducting plate fluids channelled to fore-arc mantle corner: {ETS} and silica deposition},
 journal = {Journal of Geophysical Research Solid Earth},
 year = 2015,
 pages = {4344-4358},
 _note = {doi:10.1002/2015jb011920},
 volume = 120
}
@article{PLO_2015,
  author = {Plourde, A.P. and Bostock, M.G. and Audet, P. And Thomas, A.M.},
  title = {Low-frequency earthquakes at the southern {Cascadia} margin},
  journal = {Geophysical Research Letters},
  year = 2015,
  pages = {4849-4855},
  note = {doi:10.1002/2015gl064363},
  volume = 42
}
@article{AUD_2016,
  author = {Audet, P. and Kim, Y.H.},
  title = {Teleseismic constraints on the geological environment of deep episodic slow earthquakes in subduction zone forearcs: A review},
  journal = {Tectonophysics},
  year = 2016,
  pages = {1-15},
  _note = {doi:10.1016/j.tecto.2016.01.005},
  volume = 670
}
@article{FRA_2016_GRL,
  author = {Frank, W.B.},
  title = {Slow slip hidden in the noise: The intermittence of tectonic release},
  journal = {Geophysical Research Letters},
  year = 2016,
  pages = {10125-10133},
  _note = {doi:10.1002/2016gl069537},
  volume = 43
}
@article{FRA_2016_SA,
  author = {Frank, W.B. and Shapiro, N.M. and Husker, A.L. and Kostoglodov, V. and Gusev, A.A. and Campillo, M.},
  title = {The evolving interaction of low-frequency earthquakes during transient slip},
  journal = {Science Advances},
  year = 2016,
  pages = {e1501616},
  _note = {doi:10.1126/sciadv.1501616},
  volume = 2
}
@unpublished{ROS_2016,
  author = {Ross, G.J.},
  title	= {Bayesian estimation of the {ETAS} model for earthquake occurrences},
  year = 2016,
  note = {Available at \href{http://www.gordonjross.co.uk/bayesianetas.pdf}{http://www.gordonjross.co.uk/bayesianetas.pdf}},
}
@article{TOD_2016,
  author = {Todd, E.K. and Schwartz, S.Y.},
  title = {Tectonic tremor along the northern {Hikurangi} {Margin}, {New} {Zealand}, between 2010 and 2015},
  journal = {Journal of Geophysical Research Solid Earth},
  year = 2016,
  pages = {8706-8719},
  _note = {doi:10.1002/2016jb013480},
  volume = 121
}
@article{GKA_2017,
  author = {Gkarlaouni , C. and Lasocki, S. and Papadimitriou, E. and George, T.},
  title = {Hurst analysis of seismicity in {Corinth} rift and {Mygdonia} graben ({Greece})},
  journal = {Chaos, Solitons and Fractals},
  year = 2017,
  pages = {30-42},
  _note = {doi:/10.1016/j.chaos.2017.01.001},
  volume = 96
}
@conference{NUY_2017,
  author = {Nuyen, C. and Schmidt, D. A.},
  title = {Exploring low-amplitude, long-duration deformational transients on the {Cascadia} {Subduction} {Zone}},
  booktitle = {American Geophysical Union, Fall Meeting},
  year = 2017,
  pages = {S41C-0790},
  month = {December}
}
@article{CHE_2017_JGR,
  author = {Chestler, S.R. and Creager, K.C.},
  title = {Evidence for a scale-limited low-frequecny earthquake source process},
  journal = {Journal of Geophysical Research. Solid Earth},
  year = 2017,
  pages = {3099-3114},
  note = {doi:10.1002/2016jb013717},
  volume = 122
}
@article{CHE_2017_G3,
  author = {Chestler, S.R. and Creager, K.C.},
  title = {A model for low-frequency earthquake slip},
  journal = {Geochemistry, Geophysics, Geosystems},
  year = 2017,
  pages = {4690-4708},
  note = {doi:10.1002/2017gc007253},
  volume = 18
}
@article{SHE_2017,
  author = {Shelly, D.R.},
  title = {A 15 year catalog of more than 1 million low-frequency earthquakes: Tracking tremor and slip along the deep {San} {Andreas} fault},
  journal = {Journal of Geophysical Research. Solid Earth},
  year = 2017,
  pages = {3739-3753},
  note = {doi:10.1002/2017jb014047},
  volume = 122
}
@article{TEL_2017,
  author = {Telesca, L. and Kadirov, F. and Yetirmishli, G. and Safarov, R. Babayev, G. and Ismaylova, S.},
  title = {Statistical analysis of the 2003-2016 seismicity of {Azerbaijan} and surrounding areas},
  journal = {Journal of Seismology},
  year = 2017,
  pages = {14671485},
  _note = {doi:10.1007/s10950-017-9677-x},
  volume = 21
}
@article{BARANI_2018,
  author = {Barani, S. and Mascandola, C. and Riccomagno, E. and Spallarossa, D. and  Albarello, D. and Ferretti, G. and Scafidi, D. and Augliera, P. and Massa, M.},
  title = {Long-range dependence in earthquake-moment release and implications for earthquake occurrence probability},
  journal = {Scientific Reports},
  year = 2018,
  pages = {1-11},
  number= 1,
  _month = {March},
  _note = {doi:10.1038/s41598-018-23709-4},
  volume = 8
}
@article{BARATIN_2018,
  author = {Baratin, L.-M. and Chamberlain, C.J. and Townend, J. and Savage, M.K.},
  title = {Focal mechanisms and inter-event times of low-frequency earthquakes reveal quasi-continuous deformation and triggered slow slip on the deep {Alpine} {Fault}},
  journal = {Earth and Planetary Science Letters},
  year = 2018,
  pages = {111-123},
  _month = {February},
  _note = {10.1016/j.epsl.2017.12.021},
  volume = 484
}
@article{MAT_2018,
  author = {Matcharashvili, T. and Hatano, T. and Chelidze, T. and Zhukova, N.},
  title = {Simple statistics for complex {Earthquake} time distributions},
  journal = {Nonlinear Processes in Geophysics},
  year = 2018,
  pages = {497-510},
  _note = {doi:10.5194/npg-25-497-2018},
  volume = 25
}
@article{MUK_2018,
  author = {Mukhopadhyay, B. and Sengupta, D.},
  title = {Seismic moment release data in earthquake catalogue: Application of {Hurst} statistics in delineating temporal clustering and seismic vulnerability},
  journal = {Journal Geological Society of India},
  year = 2018,
  pages = {15-24},
  _month = {January},
  _note = {doi:10.1007/s12594-018-0815-z},
  volume = 91
}
@article{SAR_2018,
  author = {Sarlis, N. and Skordas, E. and Mintzelas, A. and Papadopoulou, K.},
  title = {Micro-scale, mid-scale, and macroscale in global seismicity identified by empirical mode decomposition and their multifractal characteristics},
  journal = {Scientific Reports },
  year = 2018,
  pages = {1-15},
  _month = {June},
  _note = {doi:10.1038/s41598-018-27567-y},
  volume = 8
}
@article{SWE_2019,
  author = {Sweet, J.R. and Creager, K.C. and Houston, H. and Chestler, S.R.},
  title = {Variations in {Cascadia} low-frequency earthquake behavior with downdip distance},
  journal = {Geochemistry, Geophysics, Geosystems},
  year = 2019,
  pages = {1202-1217},
  _note = {doi:10.1029/2018gc007998},
  volume = 20
}
