@article{GHO_2010_G3,
  author = {Ghosh, A. and Vidale, J.E. and Sweet, J.R. and Creager, K.C. and Wech, A.G. and Houston, H. and Brodsky, E.E.},
  title = {Rapid, continuous streaking of tremor in {Cascadia}},
  journal = {Geochemistry, Geophysics, Geosystems},
  year = 2010,
  pages = {Q12010},
  _note = {doi:10.1029/2010gc003305},
  volume = 11
}
@article{GHO_2012,
  author = {Ghosh, A. and Vidale, J.E. and Creager, K.C.},
  title = {Tremor asperities in the transition zone control evolution of slow earthquakes},
  journal = {Journal of Geophysical Research},
  year = 2012,
  pages = {B10301},
  _note = {doi:10.1029/2012jb009249},
  volume = 117
}
@article{LAR_2009,
  author = {La Rocca, M. and Creager, K.C. and Galluzzo, D. and Malone, S. and Vidale, J.E. and Sweet, J.R. and Wech, A.G.},
  title = {{Cascadia} tremor located near plate interface constrained by {S} minus {P} wave times},
  journal = {Science},
  year = 2009,
  pages = {620-623},
  month = {January},
  _note = {doi:10.1126/science.1167112},
  volume = 323
}
@techreport{MCC_2006,
  author = {McCrory, P.A. and Blair, J.L. and Oppenheimer, D.H. and Walter, S.R.},
  title = {Depth to the {Juan} de {Fuca} slab beneath the {Cascadia} subduction margin - A {3-D} model sorting earthquakes},
  institution = {U.S. Geological Survey},
  number = {Series 91},
  year = 2006,
  _note = {ISBN: 0-607-97922-4},
}
